@online{DICE83:online,
  author = {},
  title  = {DICE - eoPortal Directory - Satellite Missions},
  url    = {https://directory.eoportal.org/web/eoportal/satellite-missions/d/dice#foot17%29},
  urldate = {2016-12-04},
}